%BIBTEX%
%
%
%Libraries
@misc{ODE_Website,
author = {Smith, Russel},
title = {{O}pen {D}ynamics {E}ngine},
year = {2008}, 
note = "[Online; http://www.ode.org/]"
}
@misc{WX_Website,
title = {wx{W}idgets, {C}ross-{P}latform {GUI} {L}ibrary},
year = {2015}, 
note = "[Online; https://www.wxwidgets.org/]"
}
@misc{Squirrel_Website,
author = {Demichelis, Alberto},
title = {{S}quirrel, the programming language},
year = {2011}, 
url = "[Online; http://squirrel-lang.org/]"
}
@article{opencv_library,
author = {Bradski, G.},
journal = {Dr. Dobb's Journal of Software Tools},
keywords = {bibtex-import},
priority = {4},
title = ,
year = {2000}
}
@InProceedings{openpcl_library,
author    = {Radu Bogdan Rusu and Steve Cousins},
title     = {{3D is here: Point Cloud Library (PCL)}},
booktitle = {{IEEE International Conference on Robotics and Automation (ICRA)}},
month     = {May 9-13},
year      = {2011},
address   = {Shanghai, China}
}
%
%1965
@article{McGhee1965,
title = "On the stability properties of quadruped creeping gaits ",
journal = "Mathematical Biosciences ",
volume = "3",
number = "0",
pages = "331 - 351",
year = "1968",
note = "",
issn = "0025-5564",
doi = "http://dx.doi.org/10.1016/0025-5564(68)90090-4",
url = "http://www.sciencedirect.com/science/article/pii/0025556468900904",
author = "R.B. McGhee and A.A. Frank",
abstract = "While the total number of theoretically possible quadruped gaits is quite large, only six gaits have the property that they can be executed while keeping at least three feet on the ground at all times. These gaits, called creeping gaits, seem to be well suited for low-speed locomotion since they permit a quadruped to remain statically stable during most of a locomotion cycle. A mathematical analysis shows, however, that for only three of the six creeping gaits it is possible to place the feet of an animal or machine so that it is statically stable at all times. Furthermore, among these three, there exists a unique optimum gait that maximizes static stability. This gait corresponds to the normal quadruped crawl favored by most animals for very low-speed locomotion. "
}
%
%
%1991
@ARTICLE{Hodgins1991, 
author={Hodgins, J.K. and Raibert, M.}, 
journal={IEEE Transactions on Robotics and Automation}, 
title={Adjusting step length for rough terrain locomotion}, 
year={1991}, 
month={Jun}, 
volume={7}, 
number={3}, 
pages={289-298}, 
keywords={mobile robots;position control;dynamic biped robot;mobile robots;position control;rough terrain locomotion;running cycle;step length control;system balancing;Artificial intelligence;Bridges;Control systems;Error correction;Foot;Kinetic energy;Laboratories;Manipulator dynamics;Robots;Vehicle dynamics}, 
doi={10.1109/70.88138}, 
ISSN={1042-296X},}
%
%
%1993
@article{Collins1993,
year={1993},
issn={0340-1200},
journal={{B}iological {C}ybernetics},
volume={68},
number={4},
doi={10.1007/BF00201854},
title={Hexapodal gaits and coupled nonlinear oscillator models},
url={http://dx.doi.org/10.1007/BF00201854},
publisher={Springer-Verlag},
author={Collins, J.J. and Stewart, Ian},
pages={287-298},
language={English}
}
%
%
%2000
@article{Kimura2000, 
author={Kimura, H. and Fukuoka, Y.}, 
booktitle={{IEEE} {I}nternational {C}onference on {R}obotics and {A}utomation}, 
title={Adaptive dynamic walking of the quadruped on irregular terrain-autonomous adaptation using neural system model}, 
year={2000}, 
month={}, 
volume={1}, 
pages={436-443 vol.1}, 
keywords={adaptive control;legged locomotion;neurocontrollers;CPG;adaptive dynamic walking;autonomous adaptation;biologically inspired control;central pattern generator;extensor reflex;flexor reflex;irregular terrain;neural system model;quadruped robot;reflex integration;stretch reflex;unknown irregular terrain;vestibulospinal reflex;Animals;Biological control systems;Biological system modeling;{C}ontrol systems;Legged locomotion;Motion control;Motion planning;Rhythm;Robots;Spinal cord}, 
doi={10.1109/ROBOT.2000.844094}, 
ISSN={1050-4729}
}
%
%
%2001
@article{Altendorfer2001,
year={2001},
issn={0929-5593},
journal={Autonomous {R}obots},
volume={11},
number={3},
doi={10.1023/A:1012426720699},
title={R{H}ex: {A} {B}iologically {I}nspired {H}exapod {R}unner},
url={http://dx.doi.org/10.1023/A%3A1012426720699},
publisher={Kluwer Academic Publishers},
keywords={legged locomotion; hexapod robot; tripod gait; spring loaded inverted pendulum; (SLIP); hierarchical control; biomimesis; cockroach locomotion},
author={Altendorfer, R. and Moore, N. and Komsuoglu, H. and Buehler, M. and Brown, H.B., Jr. and McMordie, D. and Saranli, U. and Full, R. and Koditschek, D.E.},
pages={207-213},
language={English}
}
%
%
%2002
@article{Kimura2002, 
author={Kimura, H. and Fukuoka, Y. and Hada, Y. and Takase, K.}, 
booktitle={{IEEE} {I}nternational {C}onference on {R}obotics and {A}utomation}, 
title={Three-dimensional adaptive dynamic walking of a quadruped - rolling motion feedback to {CPG}s controlling pitching motion}, 
year={2002}, 
month={}, 
volume={3}, 
pages={2228-2233}, 
doi={10.1109/ROBOT.2002.1013563}
}
%
%
%2003
@INPROCEEDINGS{Kajita2003, 
author={Kajita, S. and Kanehiro, F. and Kaneko, K. and Fujiwara, K. and Harada, K. and Yokoi, K. and Hirukawa, H.}, 
booktitle={IEEE International {C}onference on {R}obotics and {A}utomation}, 
title={Biped walking pattern generation by using preview control of zero-moment point}, 
year={2003}, 
month={Sept}, 
volume={2}, 
pages={1620-1626 vol.2}, 
keywords={control system synthesis;error compensation;legged locomotion;predictive control;robot dynamics;servomechanisms;biped robot dynamics;biped walking pattern generation;error compensation;preview control theory;preview controller;tracking servo controller design;walking simulation;zero moment point;Centralized control;Control systems;Control theory;Foot;Humanoid robots;Industrial control;Legged locomotion;Servomechanisms;Spirals;Weight control}, 
doi={10.1109/ROBOT.2003.1241826}, 
ISSN={1050-4729},}
%
%
%2006
@article{Igarashi1, 
author={Igarashi, H. and Machida, T. and Harashima, F. and Kakikura, M.}, 
booktitle={9th {IEEE} {I}nternational {W}orkshop on {A}dvanced {M}otion {C}ontrol}, 
title={Free gait for quadruped robots with posture control}, 
year={2006}, 
month={}, 
pages={433-438}, 
doi={10.1109/AMC.2006.1631698}
}
%
%
%2003
@INPROCEEDINGS{Fukuoka2003, 
author={Fukuoka, Y. and Kimura, H. and Hada, Y. and Takase, K.}, 
booktitle={{IEEE} {I}nternational {C}onference on {R}obotics and {A}utomation}, 
title={Adaptive dynamic walking of a quadruped robot '{T}ekken' on irregular terrain using a neural system model}, 
year={2003}, 
month={Sept}, 
volume={2}, 
pages={2037-2042 vol.2}, 
keywords={PD control;legged locomotion;motion control;robot dynamics;robot kinematics;stability;PD controller;adaptive dynamic walking;central pattern generator;irregular terrain;muscle viscoelasticity model;neural mechanical system;neural system model;phase signal;quadruped robot;rolling motion feedback;virtual spring damper system;Animals;Biological system modeling;Control systems;Leg;Legged locomotion;Muscles;Neurons;Orbital robotics;Oscillators;World Wide Web}, 
doi={10.1109/ROBOT.2003.1241893}, 
ISSN={1050-4729},}
%
%
%2006
@article{Righetti2006, 
author={Righetti, L. and Ijspeert, A.J.}, 
booktitle={{P}roceedings 2006 {IEEE} {I}nternational {C}onference on {R}obotics and {A}utomation}, 
title={Programmable central pattern generators: an application to biped locomotion control}, 
year={2006}, 
month={May}, 
pages={1585-1590}, 
doi={10.1109/ROBOT.2006.1641933}, 
ISSN={1050-4729}
}
%
%
%2006
@incollection{Estremera2006,
year={2006},
isbn={978-3-211-36064-4},
booktitle={Romansy 16},
volume={487},
series={CISM Courses and Lectures},
editor={Zielińska, Teresa and Zieliński, Cezary},
doi={10.1007/3-211-38927-X_28},
title={Leg {T}hrust {C}ontrol for {S}tabilization of {D}ynamic {G}aits in a {Q}uadruped {R}obot},
url={http://dx.doi.org/10.1007/3-211-38927-X_28},
publisher={Springer Vienna},
author={Estremera, Joaquin and Waldron, Kenneth J.},
pages={213-220},
language={English}
}
%
%
%2007
@INPROCEEDINGS{Rebula2007, 
author={Rebula, J.R. and Neuhaus, P.D. and Bonnlander, B.V. and Johnson, M.J. and Pratt, J.E.}, 
booktitle={{IEEE} {I}nternational {C}onference on {R}obotics and {A}utomation}, 
title={A {C}ontroller for the {L}ittleDog Quadruped Walking on {R}ough {T}errain},
place={Roma, Italy},
year={2007}, 
month={April}, 
pages={1467-1473}, 
keywords={collision avoidance;image motion analysis;legged locomotion;robot kinematics;robot vision;stability;LittleDog quadruped robot;controller architecture;deliberative components;directional gait;impassable terrain;multiple gait controller;obstacle negotiation;reactive components;rocky terrain;rough terrain;stable omnidirectional gait;static walking;task specific control;unmodeled foot slippage;walking controller;Foot;Knee;Leg;Legged locomotion;Measurement units;Motion control;Navigation;Robot sensing systems;Search problems;Stability}, 
doi={10.1109/ROBOT.2007.363191}, 
ISSN={1050-4729},}
%
%
%2008
@INPROCEEDINGS{Kolter2008, 
author={Kolter, J.Z. and Rodgers, M.P. and Ng, A.Y.}, 
booktitle={{IEEE} {I}nternational {C}onference on {R}obotics and {A}utomation}, 
title={A control architecture for quadruped locomotion over rough terrain}, 
year={2008}, 
month={May}, 
pages={811-818}, 
keywords={closed loop systems;hierarchical systems;legged locomotion;robust control;closed-loop mechanism;hierarchical control architecture;high-level planner;legged robot;quadruped locomotion;robust control;rough terrain;Computer architecture;Control systems;Gravity;Leg;Legged locomotion;Mobile robots;Navigation;Robotics and automation;Robust control;Trajectory}, 
doi={10.1109/ROBOT.2008.4543305}, 
ISSN={1050-4729},}
%
%
%2008
@article{Rutishauser2008, 
author={Rutishauser, Simon and Sprowitz, A and Righetti, L. and Ijspeert, A.J.}, 
booktitle={2nd {IEEE} {RAS} {EMBS} {I}nternational {C}onference on {B}iomedical {R}obotics and {B}iomechatronics}, 
title={Passive compliant quadruped robot using {C}entral {P}attern {G}enerators for locomotion control}, 
year={2008}, 
month={Oct}, 
pages={710-715}, 
keywords={medical robotics;mobile robots;motion control;servomotors;Cheetah robot;RC servo motors;central pattern generators;knee joints;locomotion control;passive compliant quadruped robot;three-segment pantographic legs;Centralized control;Electronic equipment testing;Hip;Knee;Leg;Legged locomotion;Orbital robotics;Robots;Servomechanisms;Servomotors}, 
doi={10.1109/BIOROB.2008.4762878},}
%
%
%2008
@incollection{Castro2008,
year={2008},
isbn={978-3-540-78315-2},
booktitle={European {R}obotics {S}ymposium 2008},
volume={44},
series={Springer {T}racts in {A}dvanced {R}obotics},
editor={Bruyninckx, Herman and Přeučil, Libor and Kulich, Miroslav},
doi={10.1007/978-3-540-78317-6_21},
title={Postural {C}ontrol on a {Q}uadruped {R}obot {U}sing {L}ateral {T}ilt: A {D}ynamical {S}ystem {A}pproach},
url={http://dx.doi.org/10.1007/978-3-540-78317-6_21},
publisher={Springer Berlin Heidelberg},
author={Castro, Luiz and Santos, Cristina P. and Oliveira, Miguel and Ijspeert, Auke},
pages={205-214},
language={English}
}
%
%
%2008
@article{Ijspeert2008,
author={Ijspeert, Auke Jan},
journal={Neural networks},
title={Central pattern generators for locomotion control in animals and robots: {A} review},
number=4,
issn={1879-2782},
publisher={Pergamon},
year=2008,
volume=21,
doi={10.1016/j.neunet.2008.03.014},
address={New York}
}
%
%
%2008
@MISC{BigDog2008,
author={Marc Raibert and Kevin Blankespoor and Gabriel Nelson and Rob Playter},
title={{B}ig{D}og, the {R}ough-{T}errain {Q}uaduped {R}obot},
year={2008}
}
%
%
%2009
@article{Duc2009, 
author={Duc Trong Tran Ig Moo Koo Gia Loc Vo Se-gon Roh Sangdeok Park Hyungpil Moon and Hyouk-Ryeol Choi}, 
booktitle={{IEEE/RSJ} {I}nternational {C}onference on Intelligent {R}obots and {S}ystems}, 
title={A new method in modeling {C}entral {P}attern {G}enerators to control quadruped walking robots}, 
year={2009}, 
month={Oct}, 
pages={129-134}, 
keywords={Fourier series;biomimetics;legged locomotion;neurocontrollers;recurrent neural nets;waveform analysis;CPG model;Fourier series;arbitrary waveforms;biomimetic controller;central pattern generators;dynamic simulations;limit cycle effect;periodic outputs;quadruped locomotion;quadruped robot platforms;quadruped walking robots;quadrupeds;recurrent neural networks;reflex modules;Biomimetics;Centralized control;Fourier series;Intelligent robots;Lab-on-a-chip;Legged locomotion;Limit-cycles;Moon;Oscillators;Robot control}, 
doi={10.1109/IROS.2009.5354160}
}
%
%
%2009 - Tedrake
@article{Katie2009,
year={2009},
journal={International {S}ymposium on {E}xperimental {R}obotics},
doi={10.1007/s11768-013-1171-6},
title={Reliable {D}ynamic {M}otions for a {S}tiff {Q}uadruped},
url={http://hdl.handle.net/1721.1/59530},
publisher={Springer Berlin Heidelberg},
author={Katie Byl{,} Alec Shkolnik{,} Sam Prentice{,} Nick Roy{,} and Russ Tedrake},
pages={319-328},
language={English}
}
%
%
%2010
@article{Chung2010,
year={2010},
journal={Proceedings of the 49th {IEEE} {C}onference on {D}ecision and {C}ontrol (CDC), 2010},
doi={10.1007/s11768-013-1171-6},
title={On synchronization of coupled {H}opf-{K}uramoto oscillators with phase delays},
url={http://hdl.handle.net/1721.1/81359},
publisher={Institute of Electrical and Electronics Engineers},
author={Chung{,} Soon-Jo{,} and Jean-Jacques Slotine},
pages={3181-3187},
language={English}
}
%
%
%2010
@INPROCEEDINGS{Matos2010, 
author={Matos, Vitor and Santos, Cristina P.}, 
booktitle={{IEEE/RSJ} {I}nternational {C}onference on {I}ntelligent {R}obots and {S}ystems}, 
title={Omnidirectional locomotion in a quadruped robot: {A} {CPG}-based approach}, 
year={2010}, 
month={Oct}, 
pages={3392-3397}, 
keywords={legged locomotion;robot kinematics;CPG;CPG based approach;angular velocity;central pattern generators;coupled oscillators;motor patterns;omnidirectional locomotion;online generation;quadruped locomotion;quadruped robot;robots translational speed;rough terrain;unpredictable environments;walking orientation}, 
doi={10.1109/IROS.2010.5652667}, 
ISSN={2153-0858},}
%
%
%2010
@phdthesis{Semini2010_PHD, 
author={C. Semini}, 
title={Hy{Q} – {D}esign and {D}evelopment of a {H}ydraulically {A}ctuated {Q}uadruped {R}obot}, 
year={2010}, 
month={Apr}, 
}
%
%
%
%2011
@article{Chengju2011, 
author={Chengju Liu and Qijun Chen and Tao Xu}, 
booktitle={9th {W}orld {C}ongress on Intelligent {C}ontrol and {A}utomation}, 
title={Locomotion control of quadruped robots based on central pattern generators}, 
year={2011}, 
month={June}, 
pages={1167-1172}, 
keywords={genetic algorithms;legged locomotion;motion control;AIBO;CPG network;adaptive walking;animal-like gait patterns;animal-like walking pattern;biological inspired control strategy;body attitude feedback signals;central pattern generators;genetic algorithm;knee-to-hip mapping function;locomotion control;quadruped robots;robot-environment interaction;sensory feedback;slope terrain;vestibular reflex mechanism;Joints;Leg;Legged locomotion;Oscillators;Robot kinematics;Robot sensing systems;CPG (central pattern generator);GA;locomotion control;quadruped robot;vestibular reflex}, 
doi={10.1109/WCICA.2011.5970700}
}
%
%
%2013
@article{Liu2013,
year={2013},
issn={1672-6340},
journal={Journal of {C}ontrol {T}heory and {A}pplications},
volume={11},
number={3},
doi={10.1007/s11768-013-1171-6},
title={Adaptive walking control of quadruped robots based on central pattern generator ({CPG}) and reflex},
url={http://dx.doi.org/10.1007/s11768-013-1171-6},
publisher={Springer Berlin Heidelberg},
keywords={CPG; Walking control; Quadruped robot; Vestibular reflex},
author={Liu, Chengju and Chen, Qijun and Wang, Guoxing},
pages={386-392},
language={English}
}
%
%
%2013
@article{Ajallooeian1, 
author={Ajallooeian{,} M. and Gay{,} S. and Tuleu{,} A. and Sprowitz{,} A and Ijspeert{,} A.J.}, 
booktitle={{IEEE/RSJ} {I}nternational {C}onference on Intelligent {R}obots and {S}ystems}, 
title={Modular control of limit cycle locomotion over unperceived rough terrain}, 
year={2013}, 
month={Nov}, 
pages={3390-3397}, 
keywords={control system synthesis;feedback;legged locomotion;limit cycles;oscillators;CPG model;Oncilla robot;central pattern generator;compliant quadruped robot;coupled nonlinear oscillators;feedbacks;leg extension reflexes;limit cycle locomotion;modular control;stumbling correction;unperceived rough terrain;Attitude control;Joints;Legged locomotion;Oscillators;Robot kinematics;Robot sensing systems}, 
doi={10.1109/IROS.2013.6696839}, 
ISSN={2153-0858}
}
%
%
%2013
@article{Akbas1, 
author={Akbas, T. and Eskimez, S.E. and Ozel, S. and Adak, O.K. and Fidan, K.C. and Erbatur, K.}, 
booktitle={{IEEE} {I}nternational {W}orkshop on Advanced {M}otion {C}ontrol}, 
title={Zero Moment Point based pace reference generation for quadruped robots via preview control}, 
year={2012}, 
month={March}, 
pages={1-7}, 
keywords={legged locomotion;nonlinear systems;trajectory control;CoM;LIPM;ZMP;inverse kinematics;legged robots;linear inverted pendulum model;mobile robots;pace reference generation;preview control;quadruped robots;reference trajectory generation method;robot center of mass;zero moment point;Computational modeling;Foot;Legged locomotion;Robot kinematics;Simulation;Trajectory}, 
doi={10.1109/AMC.2012.6197116}
}
%
%
%2013
@INPROCEEDINGS{Ajallooeian2013, 
author={Ajallooeian, M. and Pouya, S. and Sproewitz, A and Ijspeert, A.J.}, 
booktitle={{IEEE} {I}nternational {C}onference on {R}obotics and {A}utomation}, 
title={Central {P}attern {G}enerators augmented with virtual model control for quadruped rough terrain locomotion}, 
year={2013}, 
month={May}, 
pages={3321-3328}, 
keywords={legged locomotion;motion control;nonlinear control systems;position control;robot dynamics;3D forward dynamics;CPG model;computational central pattern generator model;control strategy;coupled nonlinear oscillators;external push situation;modular controller;posture control;quadruped rough terrain locomotion;sensory feedback mechanism;stumbling correction reflex;unperceived rough terrain;unperceived uneven slopes;unperceived uneven terrain;virtual model control torques;Hip;Joints;Legged locomotion;Oscillators;Robot sensing systems}, 
doi={10.1109/{ICRA}.2013.6631040}, 
ISSN={1050-4729},}
%
%
%2014
@article{Li2014,
year={2014},
issn={1007-1172},
journal={Journal of {S}hanghai {J}iaotong {U}niversity},
volume={19},
number={1},
doi={10.1007/s12204-014-1470-1},
title={Central pattern generator based gait control for planar quadruped robots},
url={http://dx.doi.org/10.1007/s12204-014-1470-1},
publisher={Springer Berlin Heidelberg},
keywords={quadruped robot; central pattern generator (CPG); gait transition; adaptation; TP 242},
author={Li, Jia-wang and Wu, Chao and Ge, Tong},
pages={1-10},
language={English}
}
%
%

%%%%%%%%%%%%%%%%%%%%%%%%%%%
%%% ADDED FOR IROS2015 	%%%
%%%    02/26/2015		%%%
%%%%%%%%%%%%%%%%%%%%%%%%%%%


@INPROCEEDINGS{Kurazume2003, 
author={Kurazume, R. and Hasegawa, T. and Yoneda, K.}, 
booktitle={Robotics and Automation, 2003. Proceedings. ICRA '03. IEEE International Conference on}, 
title={The sway compensation trajectory for a biped robot}, 
year={2003}, 
month={Sept}, 
volume={1}, 
pages={925-931 vol.1}, 
keywords={gait analysis;legged locomotion;robot dynamics;HOAP-1;biped robot;center of gravity trajectories;dynamically stable walking;humanoid robot;legged robots;sway compensation trajectory;zero moment point;Computer simulation;Control system synthesis;Gravity;Ground support;Humanoid robots;Leg;Legged locomotion;Medical robotics;Mobile robots;Parallel robots}, 
doi={10.1109/ROBOT.2003.1241711}, 
ISSN={1050-4729},}

@incollection{Takanishi1989,
year={1989},
isbn={978-3-642-83959-7},
booktitle={Advanced Robotics: 1989},
editor={Waldron, KennethJ.},
doi={10.1007/978-3-642-83957-3_21},
title={Realization of Dynamic Biped Walking Stabilized with Trunk Motion Under Known External Force},
url={http://dx.doi.org/10.1007/978-3-642-83957-3_21},
publisher={Springer Berlin Heidelberg},
author={Takanishi, A. and Tochizawa, M. and Takeya, T. and Karaki, H. and Kato, I.},
pages={299-310},
language={English}
}










@incollection{Wieber2006,
year={2006},
isbn={978-3-540-36118-3},
booktitle={Fast Motions in Biomechanics and Robotics},
volume={340},
series={Lecture Notes in Control and Information Sciences},
editor={Diehl, Moritz and Mombaur, Katja},
doi={10.1007/978-3-540-36119-0_20},
title={Holonomy and Nonholonomy in the Dynamics of Articulated Motion},
url={http://dx.doi.org/10.1007/978-3-540-36119-0_20},
publisher={Springer Berlin Heidelberg},
author={Wieber, P.-B.},
pages={411-425},
language={English}
}
@incollection{Wieber2015,
year={2015},
booktitle={Springer Handbook of Robotics, 2nd Ed},
chapter={48},
series={Lecture Notes in Control and Information Sciences},
editor={Siciliano and Khatib},
title={Modeling and Control of Legged Robots},
publisher={Springer Berlin Heidelberg},
author={Wieber, P.-B., Tedrake R., Kuindersma S.},
language={English}
}


%%%%%%%%%%%%%%%%%%%%%%%%%%%%%%%%%%%%%%%%%%%%%%%%%%%%%%%%%%%%%%%%%%%%%%%%%%%%%%%%%%%%%%%%%%%%%%%%%%%%%%%%%%
% On Limit-Cycle Oscilator Gaiting
%%%%%%%%%%%%%%%%%%%%%%%%%%%%%%%%%%%%%%%%%%%%%%%%%%%%%%%%%%%%%%%%%%%%%%%%%%%%%%%%%%%%%%%%%%%%%%%%%%%%%%%%%%
@article{Park2014,
year={2014},
title={Quadruped Bounding Control with Variable Duty Cycle via
Vertical Impulse Scaling},
publisher={Institute of Electrical and Electronics Engineers (IEEE)},
author={Park, Hae-Won, Meng Yee (Michael) Chuah, and Sangbae Kim},
language={English}
}
@article{Collins1993,
year={1993},
issn={0340-1200},
journal={{B}iological {C}ybernetics},
volume={68},
number={4},
doi={10.1007/BF00201854},
title={Hexapodal gaits and coupled nonlinear oscillator models},
url={http://dx.doi.org/10.1007/BF00201854},
publisher={Springer-Verlag},
author={Collins, J.J. and Stewart, Ian},
pages={287-298},
language={English}
}
@article{Ajallooeian2013, 
author={Ajallooeian{,} M. and Gay{,} S. and Tuleu{,} A. and Sprowitz{,} A and Ijspeert{,} A.J.}, 
booktitle={{IEEE/RSJ} {I}nternational {C}onference on Intelligent {R}obots and {S}ystems}, 
title={Modular control of limit cycle locomotion over unperceived rough terrain}, 
year={2013}, 
month={Nov}, 
pages={3390-3397}, 
keywords={control system synthesis;feedback;legged locomotion;limit cycles;oscillators;CPG model;Oncilla robot;central pattern generator;compliant quadruped robot;coupled nonlinear oscillators;feedbacks;leg extension reflexes;limit cycle locomotion;modular control;stumbling correction;unperceived rough terrain;Attitude control;Joints;Legged locomotion;Oscillators;Robot kinematics;Robot sensing systems}, 
doi={10.1109/IROS.2013.6696839}, 
ISSN={2153-0858}
}
@article{Matsuoka1985,
year={1985},
issn={0340-1200},
journal={Biological Cybernetics},
volume={52},
number={6},
doi={10.1007/BF00449593},
title={Sustained oscillations generated by mutually inhibiting neurons with adaptation},
url={http://dx.doi.org/10.1007/BF00449593},
publisher={Springer-Verlag},
author={Matsuoka, Kiyotoshi},
pages={367-376},
language={English}
}


%%%%%%%%%%%%%%%%%%%%%%%%%%%%%%%%%%%%%%%%%%%%%%%%%%%%%%%%%%%%%%%%%%%%%%%%%%%%%%%%%%%%%%%%%%%%%%%%%%%%%%%%%%
% Fast Gaiting
%%%%%%%%%%%%%%%%%%%%%%%%%%%%%%%%%%%%%%%%%%%%%%%%%%%%%%%%%%%%%%%%%%%%%%%%%%%%%%%%%%%%%%%%%%%%%%%%%%%%%%%%%%
@article{Sprowitz2013,
 author = {Spröwitz, Alexander and Tuleu, Alexandre and Vespignani, Massimo and Ajallooeian, Mostafa and Badri, Emilie and Ijspeert, Auke Jan},
 title = {Towards Dynamic Trot Gait Locomotion: Design, Control, and Experiments with Cheetah-cub, a Compliant Quadruped Robot},
 journal = {Int. J. Rob. Res.},
 issue_date = {July      2013},
 volume = {32},
 number = {8},
 month = jul,
 year = {2013},
 issn = {0278-3649},
 pages = {932--950},
 numpages = {19},
 url = {http://dx.doi.org/10.1177/0278364913489205},
 doi = {10.1177/0278364913489205},
 acmid = {2502926},
 publisher = {Sage Publications, Inc.},
 address = {Thousand Oaks, CA, USA},
 keywords = {coupled oscillator, drive function, pantograph, passive compliance, robotic leg design, robust locomotion, self-stabilizing quadruped locomotion, three-segment},
} 


%%%%%%%%%%%%%%%%%%%%%%%%%%%%%%%%%%%%%%%%%%%%%%%%%%%%%%%%%%%%%%%%%%%%%%%%%%%%%%%%%%%%%%%%%%%%%%%%%%%%%%%%%%
% On CPG Gaiting
%%%%%%%%%%%%%%%%%%%%%%%%%%%%%%%%%%%%%%%%%%%%%%%%%%%%%%%%%%%%%%%%%%%%%%%%%%%%%%%%%%%%%%%%%%%%%%%%%%%%%%%%%%
@article{Righetti2006, 
author={Righetti, L. and Ijspeert, A.J.}, 
booktitle={{P}roceedings 2006 {IEEE} {I}nternational {C}onference on {R}obotics and {A}utomation}, 
title={Programmable central pattern generators: an application to biped locomotion control}, 
year={2006}, 
month={May}, 
pages={1585-1590}, 
doi={10.1109/ROBOT.2006.1641933}, 
ISSN={1050-4729}
}
@article{Rutishauser2008, 
author={Rutishauser, Simon and Sprowitz, A and Righetti, L. and Ijspeert, A.J.}, 
booktitle={2nd {IEEE} {RAS} {EMBS} {I}nternational {C}onference on {B}iomedical {R}obotics and {B}iomechatronics}, 
title={Passive compliant quadruped robot using {C}entral {P}attern {G}enerators for locomotion control}, 
year={2008}, 
month={Oct}, 
pages={710-715}, 
keywords={medical robotics;mobile robots;motion control;servomotors;Cheetah robot;RC servo motors;central pattern generators;knee joints;locomotion control;passive compliant quadruped robot;three-segment pantographic legs;Centralized control;Electronic equipment testing;Hip;Knee;Leg;Legged locomotion;Orbital robotics;Robots;Servomechanisms;Servomotors}, 
doi={10.1109/BIOROB.2008.4762878},}
@article{Ijspeert2008,
author={Ijspeert, Auke Jan},
journal={Neural networks},
title={Central pattern generators for locomotion control in animals and robots: {A} review},
number=4,
issn={1879-2782},
publisher={Pergamon},
year=2008,
volume=21,
doi={10.1016/j.neunet.2008.03.014},
address={New York}
}
@INPROCEEDINGS{Matos2010, 
author={Matos, Vitor and Santos, Cristina P.}, 
booktitle={{IEEE/RSJ} {I}nternational {C}onference on {I}ntelligent {R}obots and {S}ystems}, 
title={Omnidirectional locomotion in a quadruped robot: {A} {CPG}-based approach}, 
year={2010}, 
month={Oct}, 
pages={3392-3397}, 
keywords={legged locomotion;robot kinematics;CPG;CPG based approach;angular velocity;central pattern generators;coupled oscillators;motor patterns;omnidirectional locomotion;online generation;quadruped locomotion;quadruped robot;robots translational speed;rough terrain;unpredictable environments;walking orientation}, 
doi={10.1109/IROS.2010.5652667}, 
ISSN={2153-0858},}
@INPROCEEDINGS{Endo2004, 
author={Endo, G. and Morimoto, J. and Nakanishi, J. and Cheng, G.}, 
booktitle={Robotics and Automation, 2004. Proceedings. ICRA '04. 2004 IEEE Int. Conf. on}, 
title={An empirical exploration of a neural oscillator for biped locomotion control}, 
year={2004}, 
month={April}, 
volume={3}, 
pages={3036-3042 Vol.3}, 
keywords={humanoid robots;legged locomotion;motion control;neurocontrollers;biologically related algorithms;biped locomotion control;compass-like biped robot;energy efficiency;gait variations;human-like locomotion;humanoid;neural activity;neural oscillator;Biological system modeling;Humans;Information processing;Joints;Laboratories;Legged locomotion;Muscles;Neuroscience;Oscillators;Robots}, 
doi={10.1109/ROBOT.2004.1307523}, 
ISSN={1050-4729},}


%%%%%%%%%%%%%%%%%%%%%%%%%%%%%%%%%%%%%%%%%%%%%%%%%%%%%%%%%%%%%%%%%%%%%%%%%%%%%%%%%%%%%%%%%%%%%%%%%%%%%%%%%%
% Reflexive CPG Adaptation
%%%%%%%%%%%%%%%%%%%%%%%%%%%%%%%%%%%%%%%%%%%%%%%%%%%%%%%%%%%%%%%%%%%%%%%%%%%%%%%%%%%%%%%%%%%%%%%%%%%%%%%%%%
@INPROCEEDINGS{Fukuoka2003, 
author={Fukuoka, Y. and Kimura, H. and Hada, Y. and Takase, K.}, 
booktitle={Robotics and Automation, 2003. Proceedings. ICRA '03. IEEE Int. Conf. on}, 
title={Adaptive dynamic walking of a quadruped robot 'Tekken' on irregular terrain using a neural system model}, 
year={2003}, 
month={Sept}, 
volume={2}, 
pages={2037-2042 vol.2}, 
keywords={PD control;legged locomotion;motion control;robot dynamics;robot kinematics;stability;PD controller;adaptive dynamic walking;central pattern generator;irregular terrain;muscle viscoelasticity model;neural mechanical system;neural system model;phase signal;quadruped robot;rolling motion feedback;virtual spring damper system;Animals;Biological system modeling;Control systems;Leg;Legged locomotion;Muscles;Neurons;Orbital robotics;Oscillators;World Wide Web}, 
doi={10.1109/ROBOT.2003.1241893}, 
ISSN={1050-4729},}

@article{Fukuoka2015,
year={2015},
journal={Sci. Rep.},
volume={5},
doi={10.1007/BF00449593},
title={A simple rule for quadrupedal gait generation determined by leg loading feedback: a modeling study},
url={http://dx.doi.org/10.1038/srep08169},
publisher={Macmillan Publishers Limited. All rights reserved},
author={Fukuoka, Y. and Yasushi, H. and Takahiro, F.}, 
language={English}
}



%%%%%%%%%%%%%%%%%%%%%%%%%%%%%%%%%%%%%%%%%%%%%%%%%%%%%%%%%%%%%%%%%%%%%%%%%%%%%%%%%%%%%%%%%%%%%%%%%%%%%%%%%%
% NARX and Learning Stuff
%%%%%%%%%%%%%%%%%%%%%%%%%%%%%%%%%%%%%%%%%%%%%%%%%%%%%%%%%%%%%%%%%%%%%%%%%%%%%%%%%%%%%%%%%%%%%%%%%%%%%%%%%%
@ARTICLE{Tsungnan1996, 
author={Tsungnan Lin and Horne, B.G. and Tino, P. and Giles, C.L.}, 
journal={Neural Networks, IEEE Transactions on}, 
title={Learning long-term dependencies in {NARX} recurrent neural networks}, 
year={1996}, 
month={Nov}, 
volume={7}, 
number={6}, 
pages={1329-1338}, 
keywords={autoregressive processes;generalisation (artificial intelligence);learning (artificial intelligence);recurrent neural nets;NARX recurrent neural networks;grammatical inference;information latching;information retention;long-term dependencies;nonlinear autoregressive models with exogenous recurrent neural networks;nonlinear system identification;representational capabilities;Computer science;Ear;Intelligent networks;National electric code;Neural networks;Nonlinear dynamical systems;Power system modeling;Recurrent neural networks;Robustness;System identification}, 
doi={10.1109/72.548162}, 
ISSN={1045-9227},}
@incollection{ChenBillings1990,
year={1990},
booktitle={Int. Journal of Control},
volume={51},
issue={6},
series={Lecture Notes in Control and Information Sciences},
doi={10.1007/978-3-540-36119-0_20},
title={Non-linear system identification using neural networks},
url={http://www.tandfonline.com/doi/citedby/10.1080/00207179008934126#.VOZxNeaIL3k},
publisher={Taylor and Francis},
author={Chen S., Billings S. A., Grant P. M.},
pages={1191-1214},
language={English}
}
@MISC{Hihi1996,
author = {Salah El Hihi and Yoshua Bengio},
title = {Hierarchical Recurrent Neural Networks for Long-Term Dependencies},
year = {1996}
}
@BOOK{Billings2013,
author = {Billings, S. A},
title = {Nonlinear system identification : NARMAX methods in the time, frequency, and spatio-temporal domains},
publisher={John Wiley and Sons Ltd},
year = {2013}
}
@article{Hartman1990,
author = {Hartman, Eric and Keeler, James D. and Kowalski, Jacek M.},
title = {Layered Neural Networks with Gaussian Hidden Units As Universal Approximations},
journal = {Neural Comput.},
volume = {2},
number = {2},
month = apr,
year = {1990},
issn = {0899-7667},
pages = {210--215},
numpages = {6},
url = {http://dx.doi.org/10.1162/neco.1990.2.2.210},
doi = {10.1162/neco.1990.2.2.210},
acmid = {83771},
publisher = {MIT Press},
address = {Cambridge, MA, USA},
} 

%%%%%%%%%%%%%%%%%%%%%%%%%%%%%%%%%%%%%%%%%%%%%%%%%%%%%%%%%%%%%%%%%%%%%%%%%%%%%%%%%%%%%%%%%%%%%%%%%%%%%%%%%%
% Backprop
%%%%%%%%%%%%%%%%%%%%%%%%%%%%%%%%%%%%%%%%%%%%%%%%%%%%%%%%%%%%%%%%%%%%%%%%%%%%%%%%%%%%%%%%%%%%%%%%%%%%%%%%%%
@incollection{Rumelhart1988,
author = {Rumelhart, David E. and Hinton, Geoffrey E. and Williams, Ronald J.},
chapter = {Learning Representations by Back-propagating Errors},
title = {Neurocomputing: Foundations of Research},
editor = {Anderson, James A. and Rosenfeld, Edward},
year = {1988},
isbn = {0-262-01097-6},
pages = {696--699},
numpages = {4},
url = {http://dl.acm.org/citation.cfm?id=65669.104451},
acmid = {104451},
publisher = {MIT Press},
address = {Cambridge, MA, USA},
}
@incollection{Rumelhart1995,
author = {Rumelhart, David E. and Durbin, Richard and Golden, Richard and Chauvin, Yves},
chapter = {Backpropagation: The Basic Theory},
title = {Backpropagation},
editor = {Chauvin, Yves and Rumelhart, David E.},
year = {1995},
isbn = {0-8058-1259-8},
pages = {1--34},
numpages = {34},
url = {http://dl.acm.org/citation.cfm?id=201784.201785},
acmid = {201785},
publisher = {L. Erlbaum Associates Inc.},
address = {Hillsdale, NJ, USA},
}
@ARTICLE{Battiti1992,
author = {Roberto Battiti},
title = {First and Second-Order Methods for Learning: between Steepest Descent and Newton's Method},
journal = {Neural Computation},
year = {1992},
volume = {4},
pages = {141--166}
}
@article{Magoulas1999,
author = {Magoulas, G. D. and Vrahatis, M. N. and Androulakis, G. S.},
title = {Improving the Convergence of the Backpropagation Algorithm Using Learning Rate Adaptation Methods},
journal = {Neural Comput.},
volume = {11},
number = {7},
month = {oct},
year = {1999},
issn = {0899-7667},
pages = {1769--1796},
numpages = {28},
url = {http://dx.doi.org/10.1162/089976699300016223},
doi = {10.1162/089976699300016223},
acmid = {334384},
publisher = {MIT Press},
address = {Cambridge, MA, USA},
}
@incollection{Rojas1996ch7,
author = {Rojas, Ra\'{u}l},
booktitle = {Neural Networks: A Systematic Introduction},
title = {The Backpropagation Algorithm},
chapter = {7},
year = {1996},
isbn = {3-540-60505-3},
publisher = {Springer-Verlag New York, Inc.},
address = {New York, NY, USA},
} 

%%%%%%%%%%%%%%%%%%%%%%%%%%%%%%%%%%%%%%%%%%%%%%%%%%%%%%%%%%%%%%%%%%%%%%%%%%%%%%%%%%%%%%%%%%%%%%%%%%%%%%%%%%
% Misc
%%%%%%%%%%%%%%%%%%%%%%%%%%%%%%%%%%%%%%%%%%%%%%%%%%%%%%%%%%%%%%%%%%%%%%%%%%%%%%%%%%%%%%%%%%%%%%%%%%%%%%%%%%
@manual{OpenDynamicsEngine,
author = {Smith, Russel},
title = {{O}pen {D}ynamics {E}ngine, http://www.ode.org/},
url = {http://www.ode.org/}
}


@incollection{Nelles2001,
year={2001},
isbn={978-3-642-08674-8},
booktitle={Nonlinear System Identification},
doi={10.1007/978-3-662-04323-3_19},
title={Neural Networks with Internal Dynamics},
url={http://dx.doi.org/10.1007/978-3-662-04323-3_19},
publisher={Springer Berlin Heidelberg},
author={Nelles, Oliver},
pages={645-651},
language={English}
}

%%%%%%%%%%%%%%%%%%%%%%%%%%%%%%%%%%%%%%%%%%%%%%%%%%%%%%%%%%%%%%%%%%%%%%%%%%%%%%%%%%%%%%%%%%%%%%%%%%%%%%%%%%
% Potential Fields
%%%%%%%%%%%%%%%%%%%%%%%%%%%%%%%%%%%%%%%%%%%%%%%%%%%%%%%%%%%%%%%%%%%%%%%%%%%%%%%%%%%%%%%%%%%%%%%%%%%%%%%%%%
@article{ArambulaCosio2004,
title={Autonomous robot navigation using adaptive potential fields },
journal={Mathematical and Computer Modelling },
volume={40},
number={9–10},
pages={1141 - 1156},
year={2004},
note={},
issn={0895-7177},
doi={http://dx.doi.org/10.1016/j.mcm.2004.05.001},
url={http://www.sciencedirect.com/science/article/pii/S0895717704003097},
author={F. Arambula Cosío and M.A. Padilla Castañeda}
}